% Encoding: UTF-8

@InProceedings{ref:Antunes2009,
	author    = {Nuno Antunes and Marco Vieira},
	title     = {Detecting {SQL} Injection Vulnerabilities in Web Services},
	booktitle = {4th Latin-American Symposium on Dependable Computing},
	year      = {2009},
	month     = {sep},
	publisher = {{IEEE}},
}

@InProceedings{ref:Cimapa2010,
	author    = {Angelo Ciampa and Corrado Aaron Visaggio and Massimiliano Di Penta},
	title     = {A heuristic-based approach for detecting {SQL}-injection vulnerabilities in web applications},
	booktitle = {2010 {ICSE} Workshop on Software Engineering for Secure Systems - {SESS}},
	year      = {2010},
	publisher = {{ACM}},
}

@InProceedings{ref:Fonseca2009,
	author    = {Jose Fonseca and Marco Vieira and Henrique Madeira},
	title     = {Vulnerability {\&}{\#}x00026$\mathsemicolon$ attack injection for web applications},
	booktitle = {2009 {IEEE}/{IFIP} International Conference on Dependable Systems {\&} Networks},
	year      = {2009},
	month     = {jun},
	publisher = {{IEEE}},
}

@InProceedings{ref:Vieira2009,
	author    = {Marco Vieira and Nuno Antunes and Henrique Madeira},
	title     = {Using web security scanners to detect vulnerabilities in web services},
	booktitle = {2009 {IEEE}/{IFIP} International Conference on Dependable Systems {\&} Networks},
	year      = {2009},
	month     = {jun},
	publisher = {{IEEE}},
}

@Comment{jabref-meta: databaseType:bibtex;}
\\