% Encoding: UTF-8

@Proceedings{Fotiet:2015,
  title     = {0-Day Vulnerabilities and Cybercrime},
  journal   = {10th International Conference on Availability, Reliability and Security},
  year      = {2015},
  pages     = {711-718},
  editor    = {Paolo Foti, Jart Armin, Marco Cremonini},
  publisher = {IEEE},
  isbn      = {978-1-4673-6590-1},
  doi       = {10.1109/ARES.2015.55},
}

@Proceedings{Egelman:2013,
  title     = {Markets for Zero-Day Exploits: Ethics and Implications},
  journal   = {13th New Security Paradigms Workshop},
  year      = {2013},
  pages     = {41-46},
  editor    = {Serge Egelman, Cormac Herley, Paul C. van Oorschot},
  publisher = {ACM},
  isbn      = {978-1-4503-2582-0},
  doi       = {10.1145/2535813.2535818},
}

@Proceedings{Bilge:2012,
  title     = {Before we knew it: an empirical study of zero-day attacks in the real world},
  journal   = {12th Conference on Computer and communications security},
  year      = {2012},
  pages     = {833-844},
  editor    = {Leyla Bilge, Tudor Dumitras},
  publisher = {ACM},
  isbn      = {978-1-4503-1651-4},
  doi       = {10.1145/2382196.2382284},
}

@Proceedings{Luo:2015,
  title     = {POSTER: PatchGen: Towards Automated Patch Detection and Generation for 1-Day Vulnerabilities},
  journal   = {22nd ACM SIGSAC Conference on Computer and Communications Security},
  year      = {2015},
  pages     = {1656-1658},
  editor    = {Tianyue Luo, Chen Ni, Qing Han, Mutian Yang, Jingzheng Wu, Yanjun Wu},
  publisher = {ACM},
  isbn      = {978-1-4503-3832-5},
  doi       = {10.1145/2810103.2810122},
}

@Article{Kumar:2016,
  author  = {Pratap Kumar, Ravi K. Sheth},
  title   = {A Review on 0-day Vulnerability Testing in Web Application},
  journal = {2nd International Conference on Information and Communication Technology for Competitive Strategies},
  year    = {2016},
  volume  = {141},
  doi     = {10.1145/2905055.2905357},
}

@Article{Last:2016,
  author  = {David Last},
  title   = {Forecasting Zero-Day Vulnerabilities},
  journal = {11th Annual Cyber and Information Security Research Conference},
  year    = {2016},
  volume  = {13},
  doi     = {10.1145/2897795.2897813},
}

@Misc{Spitzner:2003,
  title        = {Honeypots: Simple, Cost-Effective Detection},
  author       = {Lance Spitzner},
  month        = {April},
  year         = {2003},
  organization = {Symantec},
  url          = {https://www.symantec.com/connect/articles/honeypots-simple-cost-effective-detection},
}

@Misc{MITRE:2017,
  author       = {MITRE},
  title        = {About {CVE}},
  month        = {May},
  year         = {2017},
  organization = {Common Vulnerabilities and Exposures},
  url          = {https://cve.mitre.org/about/},
}

@Misc{Bertucci:2017,
  author = {Destiny Bertucci},
  title  = {Segurança do data center em 2017},
  month  = jan,
  year   = {2017},
  url    = {http://www.securityreport.com.br/overview/mercado/seguranca-do-data-center-em-2017/},
}

@Misc{CERT:2012,
  author = {CERT.br},
  title  = {Cartilha de segurança para Internet},
  month  = jun,
  year   = {2012},
  url    = {https://cartilha.cert.br/livro/cartilha-seguranca-internet.pdf},
}

@Misc{Evans:2011,
  author = {Dave Evans},
  title  = {The Internet of things: How the next evolution of the internet is changing everything},
  month  = apr,
  year   = {2011},
  url    = {http://www.cisco.com/c/dam/en_us/about/ac79/docs/innov/IoT_IBSG_0411FINAL.pdf},
}

@Misc{Kaspersky:2012,
  author = {Eugene Kaspersky},
  title  = {Os perigos dos exploits e dias zero e como preveni-los},
  month  = sep,
  year   = {2012},
  url    = {https://eugene.kaspersky.com.br/2012/09/17/os-perigos-dos-exploits-e-dias-zero-e-como-preveni-los-2/},
}

@Misc{McAffe:2012,
  author = {McAffe},
  title  = {Relatório da McAfee sobre ameaças: primeiro trimestre de 2012},
  year   = {2012},
  url    = {https://www.mcafee.com/br/resources/reports/rp-quarterly-threat-q1-2012.pdf},
}

@Misc{McCarthy:2004,
  author = {Linda McCarthy},
  title  = {Ataques desconhecidos requerem sistemas avançados de aviso},
  month  = jun,
  year   = {2004},
  url    = {https://www.symantec.com/region/br/enterprisesecurity/content/expert/BR_3899.html},
}

@Misc{NIST:2017,
  author = {NIST},
  title  = {National Vulnerability Database},
  month  = jun,
  year   = {2017},
  url    = {https://nvd.nist.gov/},
}

@Misc{Pedrosa:2007,
  author = {Fábio Pedrosa},
  title  = {INTRODUÇÃO AOS EXPLOITS},
  month  = jan,
  year   = {2007},
  url    = {http://www.revista-programar.info/artigos/introducao-aos-exploits/},
}

@Misc{Santos:2017,
  author = {Giovanne Marcelo Dos Santos},
  title  = {Bases de Vulnerabilidades},
  month  = mar,
  year   = {2017},
  url    = {http://mecdb3.c3sl.ufpr.br:8080/xmlui/bitstream/handle/123456789/24169/BasesVulnerabilidades-gms15.pdf?sequence=1},
}

@Misc{Symantec:2017,
  author = {Symantec},
  title  = {Listing of Threats \& Risks},
  url    = {https://www.symantec.com/security_response/landing/azlisting.jsp},
}

@Comment{jabref-meta: databaseType:bibtex;}
